<record xmlns="http://www.loc.gov/MARC21/slim">
   <leader>01741cmm a2200409 a 4500</leader>
   <controlfield tag="001">1297869</controlfield>
   <controlfield tag="008">900709s1985    nyu    m            eng c</controlfield>
   <datafield ind1=" " ind2=" " tag="035">
      <subfield code="a">ocn464994814</subfield>
   </datafield>
   <datafield ind1=" " ind2=" " tag="040">
      <subfield code="b">eng</subfield>
   </datafield>
   <datafield ind1="0" ind2=" " tag="041">
      <subfield code="g">eng</subfield>
   </datafield>
   <datafield ind1=" " ind2=" " tag="049">
      <subfield code="a">AEU</subfield>
      <subfield code="b">eng</subfield>
   </datafield>
   <datafield ind1=" " ind2="3" tag="055">
      <subfield code="a">DE 71</subfield>
      <subfield code="b">A542 1985</subfield>
   </datafield>
   <datafield ind1="0" ind2=" " tag="090">
      <subfield code="a">DE 71 A542 1985</subfield>
   </datafield>
   <datafield ind1="0" ind2="0" tag="245">
      <subfield code="a">Ancient civilizations and the middle ages</subfield>
      <subfield code="h">[electronic resource].</subfield>
   </datafield>
   <datafield ind1=" " ind2=" " tag="260">
      <subfield code="a">Garden City, N.Y. :</subfield>
      <subfield code="b">Focus Media, Inc.,</subfield>
      <subfield code="c">c1985.</subfield>
   </datafield>
   <datafield ind1=" " ind2=" " tag="300">
      <subfield code="a">1 computer disk (Apple II/II Plus/IIe/IIc) :</subfield>
      <subfield code="b">sd. optional, col. ;</subfield>
      <subfield code="c">5 1/4 in. +</subfield>
      <subfield code="e">1 teacher's lesson planner.</subfield>
   </datafield>
   <datafield ind1=" " ind2=" " tag="336">
      <subfield code="a">computer dataset</subfield>
      <subfield code="b">cod</subfield>
      <subfield code="2">rdacontent</subfield>
   </datafield>
   <datafield ind1=" " ind2=" " tag="337">
      <subfield code="a">computer</subfield>
      <subfield code="b">c</subfield>
      <subfield code="2">rdamedia</subfield>
   </datafield>
   <datafield ind1="1" ind2=" " tag="490">
      <subfield code="a">World history on computer series.</subfield>
   </datafield>
   <datafield ind1=" " ind2=" " tag="500">
      <subfield code="a">Educational consultant: Gerard Camilleri.</subfield>
   </datafield>
   <datafield ind1="2" ind2=" " tag="505">
      <subfield code="a">Ancient Greece -- Ancient Rome.</subfield>
   </datafield>
   <datafield ind1=" " ind2=" " tag="520">
      <subfield code="a">Using interactive game formats, this program covers the topics of geography, history, government, culture, and social organization in each country.</subfield>
   </datafield>
   <datafield ind1=" " ind2=" " tag="521">
      <subfield code="a">For grade 6.</subfield>
   </datafield>
   <datafield ind1=" " ind2=" " tag="538">
      <subfield code="a">Requires 48K; DOS 3.3; color monitor preferred.</subfield>
   </datafield>
   <datafield ind1=" " ind2=" " tag="590">
      <subfield code="a">Approved for use in Alberta schools, 1990.</subfield>
   </datafield>
   <datafield ind1=" " ind2=" " tag="596">
      <subfield code="a">38</subfield>
   </datafield>
   <datafield ind1=" " ind2="0" tag="650">
      <subfield code="a">Civilization, Classical</subfield>
      <subfield code="v">Juvenile software.</subfield>
   </datafield>
   <datafield ind1=" " ind2="0" tag="650">
      <subfield code="a">Civilization, Greco-Roman</subfield>
      <subfield code="v">Juvenile software.</subfield>
   </datafield>
   <datafield ind1=" " ind2="0" tag="650">
      <subfield code="a">History</subfield>
      <subfield code="v">Examinations, questions, etc.</subfield>
      <subfield code="v">Juvenile software.</subfield>
   </datafield>
   <datafield ind1=" " ind2="0" tag="651">
      <subfield code="a">Greece</subfield>
      <subfield code="x">Civilization</subfield>
      <subfield code="v">Juvenile software.</subfield>
   </datafield>
   <datafield ind1=" " ind2="0" tag="651">
      <subfield code="a">Rome (Italy)</subfield>
      <subfield code="x">Civilization</subfield>
      <subfield code="v">Juvenile software.</subfield>
   </datafield>
   <datafield ind1="1" ind2=" " tag="700">
      <subfield code="a">Camilleri, Gérard.</subfield>
   </datafield>
   <datafield ind1="2" ind2=" " tag="710">
      <subfield code="a">Focus Media.</subfield>
   </datafield>
   <datafield ind1="0" ind2=" " tag="740">
      <subfield code="a">Ancient Greece.</subfield>
   </datafield>
   <datafield ind1="0" ind2=" " tag="740">
      <subfield code="a">Ancient Rome.</subfield>
   </datafield>
   <datafield ind1=" " ind2="0" tag="830">
      <subfield code="a">World history on computer series.</subfield>
   </datafield>
   <datafield ind1=" " ind2=" " tag="926">
      <subfield code="a">DE 71 A542 1985</subfield>
      <subfield code="w">LC</subfield>
      <subfield code="c">1</subfield>
      <subfield code="i">000032999211</subfield>
      <subfield code="d">12/6/1997</subfield>
      <subfield code="l">ON_SHELF</subfield>
      <subfield code="m">UABARD</subfield>
      <subfield code="n">9</subfield>
      <subfield code="p">$150.00</subfield>
      <subfield code="r">Y</subfield>
      <subfield code="s">Y</subfield>
      <subfield code="t">NO_LOAN</subfield>
      <subfield code="u">7/13/1990</subfield>
      <subfield code="o">.STAFF.  C0005752</subfield>
   </datafield>
</record>
